<?xml version='1.0' encoding='utf-8'?>
<ENVELOPE><HEADER><VERSION>1</VERSION><TALLYREQUEST>Import Data</TALLYREQUEST></HEADER><BODY><IMPORTDATA><REQUESTDESC><REPORTNAME>All Masters</REPORTNAME><STATICVARIABLES><SVCURRENTCOMPANY>AI Tally Demo Corp</SVCURRENTCOMPANY></STATICVARIABLES></REQUESTDESC><REQUESTDATA><TALLYMESSAGE><UNIT NAME="Nos" RESERVEDNAME=""><NAME>Nos</NAME><ORIGINALNAME>Nos</ORIGINALNAME><ISSIMPLEUNIT>Yes</ISSIMPLEUNIT></UNIT></TALLYMESSAGE><TALLYMESSAGE><LEDGER NAME="Sales Account" RESERVEDNAME=""><NAME>Sales Account</NAME><PARENT>Sales Accounts</PARENT><OPENINGBALANCE>0</OPENINGBALANCE><ISBILLWISEON>Yes</ISBILLWISEON></LEDGER></TALLYMESSAGE><TALLYMESSAGE><STOCKGROUP NAME="Electronics" RESERVEDNAME=""><NAME>Electronics</NAME><PARENT>Primary</PARENT></STOCKGROUP></TALLYMESSAGE><TALLYMESSAGE><STOCKITEM NAME="iPhone 15" RESERVEDNAME=""><NAME>iPhone 15</NAME><PARENT>Electronics</PARENT><BASEUNITS>Nos</BASEUNITS><OPENINGBALANCE>55 Nos</OPENINGBALANCE><OPENINGRATE>70000/Nos</OPENINGRATE><OPENINGVALUE>-3500000</OPENINGVALUE><GSTAPPLICABLE>&amp;#4; Applicable</GSTAPPLICABLE><GSTTYPEOFSUPPLY>Goods</GSTTYPEOFSUPPLY><HSNCODE>8517</HSNCODE><IGSTRATE>18</IGSTRATE></STOCKITEM></TALLYMESSAGE><TALLYMESSAGE><LEDGER NAME="Alpha Traders" RESERVEDNAME=""><NAME>Alpha Traders</NAME><PARENT>Sundry Debtors</PARENT><OPENINGBALANCE>0</OPENINGBALANCE><ISBILLWISEON>Yes</ISBILLWISEON><LEDGERSTATENAME>Maharashtra</LEDGERSTATENAME><PARTYGSTIN>27ABCDE1234F1Z5</PARTYGSTIN><GSTREGISTRATIONTYPE>Regular</GSTREGISTRATIONTYPE></LEDGER></TALLYMESSAGE><TALLYMESSAGE><VOUCHER VCHTYPE="Sales" ACTION="Create" OBJVIEW="Accounting Voucher View"><DATE>20250906</DATE><VOUCHERTYPENAME>Sales</VOUCHERTYPENAME><VOUCHERNUMBER>C8289130</VOUCHERNUMBER><PARTYLEDGERNAME>Alpha Traders</PARTYLEDGERNAME><NARRATION /><FBTPAYMENTTYPE>Default</FBTPAYMENTTYPE><PERSISTEDVIEW>Accounting Voucher View</PERSISTEDVIEW><ALLLEDGERENTRIES.LIST><LEDGERNAME>Alpha Traders</LEDGERNAME><ISDEEMEDPOSITIVE>Yes</ISDEEMEDPOSITIVE><AMOUNT>-100</AMOUNT></ALLLEDGERENTRIES.LIST><ALLINVENTORYENTRIES.LIST><STOCKITEMNAME>iPhone 15</STOCKITEMNAME><ISDEEMEDPOSITIVE>No</ISDEEMEDPOSITIVE><RATE>100/Nos</RATE><AMOUNT>100</AMOUNT><ACTUALQTY> 1 Nos</ACTUALQTY><BILLEDQTY> 1 Nos</BILLEDQTY><ACCOUNTINGALLOCATIONS.LIST><LEDGERNAME>Sales Account</LEDGERNAME><ISDEEMEDPOSITIVE>No</ISDEEMEDPOSITIVE><AMOUNT>100</AMOUNT></ACCOUNTINGALLOCATIONS.LIST></ALLINVENTORYENTRIES.LIST></VOUCHER></TALLYMESSAGE><TALLYMESSAGE><VOUCHER VCHTYPE="Sales" ACTION="Create" OBJVIEW="Accounting Voucher View"><DATE>20250608</DATE><VOUCHERTYPENAME>Sales</VOUCHERTYPENAME><VOUCHERNUMBER>DCB1AF8F</VOUCHERNUMBER><PARTYLEDGERNAME>Alpha Traders</PARTYLEDGERNAME><NARRATION /><FBTPAYMENTTYPE>Default</FBTPAYMENTTYPE><PERSISTEDVIEW>Accounting Voucher View</PERSISTEDVIEW><ALLLEDGERENTRIES.LIST><LEDGERNAME>Alpha Traders</LEDGERNAME><ISDEEMEDPOSITIVE>Yes</ISDEEMEDPOSITIVE><AMOUNT>-100</AMOUNT></ALLLEDGERENTRIES.LIST><ALLINVENTORYENTRIES.LIST><STOCKITEMNAME>iPhone 15</STOCKITEMNAME><ISDEEMEDPOSITIVE>No</ISDEEMEDPOSITIVE><RATE>100/Nos</RATE><AMOUNT>100</AMOUNT><ACTUALQTY> 1 Nos</ACTUALQTY><BILLEDQTY> 1 Nos</BILLEDQTY><ACCOUNTINGALLOCATIONS.LIST><LEDGERNAME>Sales Account</LEDGERNAME><ISDEEMEDPOSITIVE>No</ISDEEMEDPOSITIVE><AMOUNT>100</AMOUNT></ACCOUNTINGALLOCATIONS.LIST></ALLINVENTORYENTRIES.LIST></VOUCHER></TALLYMESSAGE><TALLYMESSAGE><VOUCHER VCHTYPE="Sales" ACTION="Create" OBJVIEW="Accounting Voucher View"><DATE>20250403</DATE><VOUCHERTYPENAME>Sales</VOUCHERTYPENAME><VOUCHERNUMBER>DAD2652F</VOUCHERNUMBER><PARTYLEDGERNAME>Alpha Traders</PARTYLEDGERNAME><NARRATION /><FBTPAYMENTTYPE>Default</FBTPAYMENTTYPE><PERSISTEDVIEW>Accounting Voucher View</PERSISTEDVIEW><ALLLEDGERENTRIES.LIST><LEDGERNAME>Alpha Traders</LEDGERNAME><ISDEEMEDPOSITIVE>Yes</ISDEEMEDPOSITIVE><AMOUNT>-100</AMOUNT></ALLLEDGERENTRIES.LIST><ALLINVENTORYENTRIES.LIST><STOCKITEMNAME>iPhone 15</STOCKITEMNAME><ISDEEMEDPOSITIVE>No</ISDEEMEDPOSITIVE><RATE>100/Nos</RATE><AMOUNT>100</AMOUNT><ACTUALQTY> 1 Nos</ACTUALQTY><BILLEDQTY> 1 Nos</BILLEDQTY><ACCOUNTINGALLOCATIONS.LIST><LEDGERNAME>Sales Account</LEDGERNAME><ISDEEMEDPOSITIVE>No</ISDEEMEDPOSITIVE><AMOUNT>100</AMOUNT></ACCOUNTINGALLOCATIONS.LIST></ALLINVENTORYENTRIES.LIST></VOUCHER></TALLYMESSAGE><TALLYMESSAGE><VOUCHER VCHTYPE="Sales" ACTION="Create" OBJVIEW="Accounting Voucher View"><DATE>20250227</DATE><VOUCHERTYPENAME>Sales</VOUCHERTYPENAME><VOUCHERNUMBER>18ECE2D4</VOUCHERNUMBER><PARTYLEDGERNAME>Alpha Traders</PARTYLEDGERNAME><NARRATION /><FBTPAYMENTTYPE>Default</FBTPAYMENTTYPE><PERSISTEDVIEW>Accounting Voucher View</PERSISTEDVIEW><ALLLEDGERENTRIES.LIST><LEDGERNAME>Alpha Traders</LEDGERNAME><ISDEEMEDPOSITIVE>Yes</ISDEEMEDPOSITIVE><AMOUNT>-100</AMOUNT></ALLLEDGERENTRIES.LIST><ALLINVENTORYENTRIES.LIST><STOCKITEMNAME>iPhone 15</STOCKITEMNAME><ISDEEMEDPOSITIVE>No</ISDEEMEDPOSITIVE><RATE>100/Nos</RATE><AMOUNT>100</AMOUNT><ACTUALQTY> 1 Nos</ACTUALQTY><BILLEDQTY> 1 Nos</BILLEDQTY><ACCOUNTINGALLOCATIONS.LIST><LEDGERNAME>Sales Account</LEDGERNAME><ISDEEMEDPOSITIVE>No</ISDEEMEDPOSITIVE><AMOUNT>100</AMOUNT></ACCOUNTINGALLOCATIONS.LIST></ALLINVENTORYENTRIES.LIST></VOUCHER></TALLYMESSAGE><TALLYMESSAGE><VOUCHER VCHTYPE="Sales" ACTION="Create" OBJVIEW="Accounting Voucher View"><DATE>20250129</DATE><VOUCHERTYPENAME>Sales</VOUCHERTYPENAME><VOUCHERNUMBER>71C46D48</VOUCHERNUMBER><PARTYLEDGERNAME>Alpha Traders</PARTYLEDGERNAME><NARRATION /><FBTPAYMENTTYPE>Default</FBTPAYMENTTYPE><PERSISTEDVIEW>Accounting Voucher View</PERSISTEDVIEW><ALLLEDGERENTRIES.LIST><LEDGERNAME>Alpha Traders</LEDGERNAME><ISDEEMEDPOSITIVE>Yes</ISDEEMEDPOSITIVE><AMOUNT>-100</AMOUNT></ALLLEDGERENTRIES.LIST><ALLINVENTORYENTRIES.LIST><STOCKITEMNAME>iPhone 15</STOCKITEMNAME><ISDEEMEDPOSITIVE>No</ISDEEMEDPOSITIVE><RATE>100/Nos</RATE><AMOUNT>100</AMOUNT><ACTUALQTY> 1 Nos</ACTUALQTY><BILLEDQTY> 1 Nos</BILLEDQTY><ACCOUNTINGALLOCATIONS.LIST><LEDGERNAME>Sales Account</LEDGERNAME><ISDEEMEDPOSITIVE>No</ISDEEMEDPOSITIVE><AMOUNT>100</AMOUNT></ACCOUNTINGALLOCATIONS.LIST></ALLINVENTORYENTRIES.LIST></VOUCHER></TALLYMESSAGE><TALLYMESSAGE><VOUCHER VCHTYPE="Sales" ACTION="Create" OBJVIEW="Accounting Voucher View"><DATE>20250709</DATE><VOUCHERTYPENAME>Sales</VOUCHERTYPENAME><VOUCHERNUMBER>1A2D866C</VOUCHERNUMBER><PARTYLEDGERNAME>Alpha Traders</PARTYLEDGERNAME><NARRATION /><FBTPAYMENTTYPE>Default</FBTPAYMENTTYPE><PERSISTEDVIEW>Accounting Voucher View</PERSISTEDVIEW><ALLLEDGERENTRIES.LIST><LEDGERNAME>Alpha Traders</LEDGERNAME><ISDEEMEDPOSITIVE>Yes</ISDEEMEDPOSITIVE><AMOUNT>-100</AMOUNT></ALLLEDGERENTRIES.LIST><ALLINVENTORYENTRIES.LIST><STOCKITEMNAME>iPhone 15</STOCKITEMNAME><ISDEEMEDPOSITIVE>No</ISDEEMEDPOSITIVE><RATE>100/Nos</RATE><AMOUNT>100</AMOUNT><ACTUALQTY> 1 Nos</ACTUALQTY><BILLEDQTY> 1 Nos</BILLEDQTY><ACCOUNTINGALLOCATIONS.LIST><LEDGERNAME>Sales Account</LEDGERNAME><ISDEEMEDPOSITIVE>No</ISDEEMEDPOSITIVE><AMOUNT>100</AMOUNT></ACCOUNTINGALLOCATIONS.LIST></ALLINVENTORYENTRIES.LIST></VOUCHER></TALLYMESSAGE><TALLYMESSAGE><VOUCHER VCHTYPE="Sales" ACTION="Create" OBJVIEW="Accounting Voucher View"><DATE>20250714</DATE><VOUCHERTYPENAME>Sales</VOUCHERTYPENAME><VOUCHERNUMBER>9C136F1B</VOUCHERNUMBER><PARTYLEDGERNAME>Alpha Traders</PARTYLEDGERNAME><NARRATION /><FBTPAYMENTTYPE>Default</FBTPAYMENTTYPE><PERSISTEDVIEW>Accounting Voucher View</PERSISTEDVIEW><ALLLEDGERENTRIES.LIST><LEDGERNAME>Alpha Traders</LEDGERNAME><ISDEEMEDPOSITIVE>Yes</ISDEEMEDPOSITIVE><AMOUNT>-100</AMOUNT></ALLLEDGERENTRIES.LIST><ALLINVENTORYENTRIES.LIST><STOCKITEMNAME>iPhone 15</STOCKITEMNAME><ISDEEMEDPOSITIVE>No</ISDEEMEDPOSITIVE><RATE>100/Nos</RATE><AMOUNT>100</AMOUNT><ACTUALQTY> 1 Nos</ACTUALQTY><BILLEDQTY> 1 Nos</BILLEDQTY><ACCOUNTINGALLOCATIONS.LIST><LEDGERNAME>Sales Account</LEDGERNAME><ISDEEMEDPOSITIVE>No</ISDEEMEDPOSITIVE><AMOUNT>100</AMOUNT></ACCOUNTINGALLOCATIONS.LIST></ALLINVENTORYENTRIES.LIST></VOUCHER></TALLYMESSAGE><TALLYMESSAGE><VOUCHER VCHTYPE="Sales" ACTION="Create" OBJVIEW="Accounting Voucher View"><DATE>20250120</DATE><VOUCHERTYPENAME>Sales</VOUCHERTYPENAME><VOUCHERNUMBER>1DA06068</VOUCHERNUMBER><PARTYLEDGERNAME>Alpha Traders</PARTYLEDGERNAME><NARRATION /><FBTPAYMENTTYPE>Default</FBTPAYMENTTYPE><PERSISTEDVIEW>Accounting Voucher View</PERSISTEDVIEW><ALLLEDGERENTRIES.LIST><LEDGERNAME>Alpha Traders</LEDGERNAME><ISDEEMEDPOSITIVE>Yes</ISDEEMEDPOSITIVE><AMOUNT>-100</AMOUNT></ALLLEDGERENTRIES.LIST><ALLINVENTORYENTRIES.LIST><STOCKITEMNAME>iPhone 15</STOCKITEMNAME><ISDEEMEDPOSITIVE>No</ISDEEMEDPOSITIVE><RATE>100/Nos</RATE><AMOUNT>100</AMOUNT><ACTUALQTY> 1 Nos</ACTUALQTY><BILLEDQTY> 1 Nos</BILLEDQTY><ACCOUNTINGALLOCATIONS.LIST><LEDGERNAME>Sales Account</LEDGERNAME><ISDEEMEDPOSITIVE>No</ISDEEMEDPOSITIVE><AMOUNT>100</AMOUNT></ACCOUNTINGALLOCATIONS.LIST></ALLINVENTORYENTRIES.LIST></VOUCHER></TALLYMESSAGE><TALLYMESSAGE><VOUCHER VCHTYPE="Sales" ACTION="Create" OBJVIEW="Accounting Voucher View"><DATE>20251025</DATE><VOUCHERTYPENAME>Sales</VOUCHERTYPENAME><VOUCHERNUMBER>C7055633</VOUCHERNUMBER><PARTYLEDGERNAME>Alpha Traders</PARTYLEDGERNAME><NARRATION /><FBTPAYMENTTYPE>Default</FBTPAYMENTTYPE><PERSISTEDVIEW>Accounting Voucher View</PERSISTEDVIEW><ALLLEDGERENTRIES.LIST><LEDGERNAME>Alpha Traders</LEDGERNAME><ISDEEMEDPOSITIVE>Yes</ISDEEMEDPOSITIVE><AMOUNT>-100</AMOUNT></ALLLEDGERENTRIES.LIST><ALLINVENTORYENTRIES.LIST><STOCKITEMNAME>iPhone 15</STOCKITEMNAME><ISDEEMEDPOSITIVE>No</ISDEEMEDPOSITIVE><RATE>100/Nos</RATE><AMOUNT>100</AMOUNT><ACTUALQTY> 1 Nos</ACTUALQTY><BILLEDQTY> 1 Nos</BILLEDQTY><ACCOUNTINGALLOCATIONS.LIST><LEDGERNAME>Sales Account</LEDGERNAME><ISDEEMEDPOSITIVE>No</ISDEEMEDPOSITIVE><AMOUNT>100</AMOUNT></ACCOUNTINGALLOCATIONS.LIST></ALLINVENTORYENTRIES.LIST></VOUCHER></TALLYMESSAGE><TALLYMESSAGE><VOUCHER VCHTYPE="Sales" ACTION="Create" OBJVIEW="Accounting Voucher View"><DATE>20251009</DATE><VOUCHERTYPENAME>Sales</VOUCHERTYPENAME><VOUCHERNUMBER>4FCB6BD9</VOUCHERNUMBER><PARTYLEDGERNAME>Alpha Traders</PARTYLEDGERNAME><NARRATION /><FBTPAYMENTTYPE>Default</FBTPAYMENTTYPE><PERSISTEDVIEW>Accounting Voucher View</PERSISTEDVIEW><ALLLEDGERENTRIES.LIST><LEDGERNAME>Alpha Traders</LEDGERNAME><ISDEEMEDPOSITIVE>Yes</ISDEEMEDPOSITIVE><AMOUNT>-100</AMOUNT></ALLLEDGERENTRIES.LIST><ALLINVENTORYENTRIES.LIST><STOCKITEMNAME>iPhone 15</STOCKITEMNAME><ISDEEMEDPOSITIVE>No</ISDEEMEDPOSITIVE><RATE>100/Nos</RATE><AMOUNT>100</AMOUNT><ACTUALQTY> 1 Nos</ACTUALQTY><BILLEDQTY> 1 Nos</BILLEDQTY><ACCOUNTINGALLOCATIONS.LIST><LEDGERNAME>Sales Account</LEDGERNAME><ISDEEMEDPOSITIVE>No</ISDEEMEDPOSITIVE><AMOUNT>100</AMOUNT></ACCOUNTINGALLOCATIONS.LIST></ALLINVENTORYENTRIES.LIST></VOUCHER></TALLYMESSAGE></REQUESTDATA></IMPORTDATA></BODY></ENVELOPE>