<ENVELOPE>
 <HEADER>
  <TALLYREQUEST>Export Data</TALLYREQUEST>
 </HEADER>
 <BODY>
  <IMPORTDATA>
   <REQUESTDESC>
    <REPORTNAME>All Masters</REPORTNAME>
   </REQUESTDESC>
   <REQUESTDATA>
    <TALLYMESSAGE xmlns:UDF="TallyUDF">
     <COMPANY>
      <NAME>Test Company</NAME>
      <GUID>12345</GUID>
      <BOOKSBEGINFROM>20240401</BOOKSBEGINFROM>
     </COMPANY>
     <LEDGER NAME="Sales Account" RESERVEDNAME="">
      <GUID>L1</GUID>
      <PARENT>Sales Accounts</PARENT>
      <OPENINGBALANCE>-10000.00</OPENINGBALANCE>
      <CLOSINGBALANCE>-50000.00</CLOSINGBALANCE>
      <ISREVENUE>Yes</ISREVENUE>
     </LEDGER>
     <LEDGER NAME="Purchase Account" RESERVEDNAME="">
      <GUID>L2</GUID>
      <PARENT>Purchase Accounts</PARENT>
      <OPENINGBALANCE>5000.00</OPENINGBALANCE>
      <CLOSINGBALANCE>30000.00</CLOSINGBALANCE>
      <ISREVENUE>Yes</ISREVENUE>
     </LEDGER>
     <LEDGER NAME="Cash" RESERVEDNAME="">
      <GUID>L3</GUID>
      <PARENT>Cash-in-Hand</PARENT>
      <OPENINGBALANCE>100000.00</OPENINGBALANCE>
      <CLOSINGBALANCE>120000.00</CLOSINGBALANCE>
      <ISREVENUE>No</ISREVENUE>
     </LEDGER>
     <VOUCHER VOUCHERTYPENAME="Sales" VOUCHERNUMBER="1">
      <GUID>V1</GUID>
      <DATE>20240401</DATE>
      <PARTYNAME>Customer A</PARTYNAME>
      <VOUCHERTYPENAME>Sales</VOUCHERTYPENAME>
      <ALLLEDGERENTRIES.LIST>
       <LEDGERNAME>Customer A</LEDGERNAME>
       <ISDEEMEDPOSITIVE>Yes</ISDEEMEDPOSITIVE>
       <AMOUNT>-1000.00</AMOUNT>
      </ALLLEDGERENTRIES.LIST>
      <ALLLEDGERENTRIES.LIST>
       <LEDGERNAME>Sales Account</LEDGERNAME>
       <ISDEEMEDPOSITIVE>No</ISDEEMEDPOSITIVE>
       <AMOUNT>1000.00</AMOUNT>
      </ALLLEDGERENTRIES.LIST>
     </VOUCHER>
    </TALLYMESSAGE>
   </REQUESTDATA>
  </IMPORTDATA>
 </BODY>
</ENVELOPE>
